<?xml version="1.0"?>
<collection xmlns="http://www.loc.gov/MARC21/slim">
  <record>
    <leader>01630nam a2200397 a 4500</leader>
    <controlfield tag="001">cihm_28830</controlfield>
    <controlfield tag="003">CaSfIA</controlfield>
    <controlfield tag="005">20160212080817.0</controlfield>
    <controlfield tag="007">cr||||||||||||</controlfield>
    <controlfield tag="008">850117s1890    xx      b     001 0 eng d</controlfield>
    <datafield tag="020" ind1=" " ind2=" ">
      <subfield code="a">0665288301</subfield>
    </datafield>
    <datafield tag="035" ind1=" " ind2=" ">
      <subfield code="a">ocm85748524</subfield>
    </datafield>
    <datafield tag="040" ind1=" " ind2=" ">
      <subfield code="a">CaOOCIHM</subfield>
      <subfield code="b">eng</subfield>
      <subfield code="d">AEU</subfield>
      <subfield code="d">CaSfIA</subfield>
    </datafield>
    <datafield tag="043" ind1=" " ind2=" ">
      <subfield code="a">n-cn---</subfield>
    </datafield>
    <datafield tag="082" ind1="0" ind2=" ">
      <subfield code="a">917.1</subfield>
      <subfield code="2">19</subfield>
    </datafield>
    <datafield tag="090" ind1=" " ind2=" ">
      <subfield code="a">FC 02 0203 no. 28830</subfield>
      <subfield code="b">AEU</subfield>
    </datafield>
    <datafield tag="100" ind1="1" ind2=" ">
      <subfield code="a">Baillairg&#xC3;&#xA9;, G. F.</subfield>
      <subfield code="q">(George Frederick),</subfield>
      <subfield code="d">1824-19</subfield>
    </datafield>
    <!-- No separator at end of field length=55 -->
    <!-- Bad indicator data. Skipping 2 bytes -->
    <datafield tag="245" ind1="1" ind2="0">
      <subfield code="a">Canada from the Atlantic to the Pacific and Arctic oceans, Arctic voyages, voyages of discovery in the north and public works, &amp;c., &amp;c.,</subfield>
      <subfield code="h">[electronic resource] </subfield>
      <subfield code="c"/>
    </datafield>
    <!-- No separator at end of field length=178 -->
    <!-- Bad indicator data. Skipping 2 bytes -->
    <datafield tag="260" ind1="." ind2="">
      <subfield code=" "/>
      <subfield code="a">[S.l. :</subfield>
      <subfield code="b">s.n.,</subfield>
      <subfield code="c">1890</subfield>
    </datafield>
    <!-- No separator at end of field length=27 -->
    <datafield tag="300" ind1="0" ind2="?">
  </datafield>
    <!-- Separator but not at end of field length=29 -->
    <datafield tag="490" ind1="." ind2=")">
  </datafield>
    <!-- Separator but not at end of field length=83 -->
    <datafield tag="500" ind1="8" ind2="3">
  </datafield>
    <!-- Separator but not at end of field length=51 -->
    <datafield tag="500" ind1="d" ind2="a">
  </datafield>
    <!-- Separator but not at end of field length=12 -->
    <datafield tag="504" ind1="e" ind2="s">
  </datafield>
    <!-- Separator but not at end of field length=20 -->
    <datafield tag="533" ind1="e" ind2="x">
  </datafield>
    <!-- Separator but not at end of field length=194 -->
    <datafield tag="534" ind1="8" ind2="4">
  </datafield>
    <!-- Separator but not at end of field length=20 -->
    <datafield tag="596" ind1="c" ind2="m">
  </datafield>
    <!-- Separator but not at end of field length=7 -->
    <datafield tag="651" ind1="a" ind2="4">
  </datafield>
    <!-- Separator but not at end of field length=47 -->
    <datafield tag="651" ind1="0" ind2="0">
  </datafield>
    <!-- Separator but not at end of field length=39 -->
    <datafield tag="651" ind1="o" ind2="n">
  </datafield>
    <!-- Separator but not at end of field length=26 -->
    <datafield tag="651" ind1="k" ind2="s">
  </datafield>
    <!-- Separator but not at end of field length=48 -->
    <datafield tag="651" ind1="0" ind2="0">
  </datafield>
    <!-- Separator but not at end of field length=40 -->
    <datafield tag="651" ind1="t" ind2="i">
      <subfield code="n">.</subfield>
    </datafield>
    <!-- Separator but not at end of field length=29 -->
    <datafield tag="830" ind1="l" ind2="i">
      <subfield code="s">.</subfield>
    </datafield>
    <!-- Separator but not at end of field length=45 -->
    <datafield tag="856" ind1="4" ind2="1">
      <subfield code="u">http://archive.org/details/cihm_28830</subfield>
      <subfield code="z">Free eBook from the Internet Archive</subfield>
    </datafield>
    <!-- Separator but not at end of field length=22 -->
    <datafield tag="016" ind1="M" ind2="M">
      <subfield code="R">E</subfield>
    </datafield>
    <!-- Separator but not at end of field length=15 -->
    <!-- Separator but not at end of field length=58 -->
  </record>
</collection>
